[gd_scene load_steps=10 format=3 uid="uid://cnttx6f8l3ots"]

[ext_resource type="Script" path="res://simulation/components/player.gd" id="1_6rhja"]
[ext_resource type="Texture2D" uid="uid://dc2ngtgfmeq2o" path="res://icon.svg" id="2_cqhp6"]
[ext_resource type="Script" path="res://simulation/rulebook/rules/move.gd" id="3_xanil"]
[ext_resource type="Script" path="res://ui/MoveButton.gd" id="4_8hwvd"]
[ext_resource type="Script" path="res://simulation/rulebook/rules/add_rule.gd" id="4_bjfi3"]
[ext_resource type="Script" path="res://simulation/rulebook/rules/remove_rule.gd" id="5_ds16g"]
[ext_resource type="Script" path="res://ui/EnableRuleButton.gd" id="7_xqxcr"]
[ext_resource type="Script" path="res://simulation/rulebook/rules/move_faster.gd" id="8_joaxp"]
[ext_resource type="Script" path="res://simulation/rulebook/rules/move_erradic.gd" id="9_3mni1"]

[node name="Main" type="Node2D"]

[node name="Simulation" type="Simulation" parent="."]

[node name="World" type="World" parent="Simulation"]

[node name="Player" type="Entity2D" parent="Simulation/World"]
position = Vector2(180, 171)

[node name="PlayerLabel" type="Component" parent="Simulation/World/Player"]
script = ExtResource("1_6rhja")

[node name="Sprite2D" type="Sprite2D" parent="Simulation/World/Player"]
texture = ExtResource("2_cqhp6")

[node name="Rulebook" type="Rulebook" parent="Simulation"]

[node name="MoveRule" type="Rule" parent="Simulation/Rulebook"]
script = ExtResource("3_xanil")

[node name="AddRuleRule" type="Rule" parent="Simulation/Rulebook"]
script = ExtResource("4_bjfi3")

[node name="RemoveRuleRule" type="Rule" parent="Simulation/Rulebook"]
script = ExtResource("5_ds16g")

[node name="CanvasLayer" type="CanvasLayer" parent="."]

[node name="MoveButton" type="Button" parent="CanvasLayer"]
offset_left = 320.0
offset_top = 393.0
offset_right = 420.0
offset_bottom = 493.0
text = "Move"
script = ExtResource("4_8hwvd")

[node name="FastButton" type="CheckButton" parent="CanvasLayer"]
offset_left = 496.0
offset_top = 359.0
offset_right = 596.0
offset_bottom = 409.0
text = "Fast"
script = ExtResource("7_xqxcr")

[node name="FastRule" type="Rule" parent="CanvasLayer/FastButton"]
script = ExtResource("8_joaxp")

[node name="ErradicButton" type="CheckButton" parent="CanvasLayer"]
offset_left = 495.0
offset_top = 406.0
offset_right = 598.0
offset_bottom = 456.0
text = "Erradic"
script = ExtResource("7_xqxcr")

[node name="ErradicRule" type="Rule" parent="CanvasLayer/ErradicButton"]
script = ExtResource("9_3mni1")

[connection signal="pressed" from="CanvasLayer/MoveButton" to="CanvasLayer/MoveButton" method="_on_pressed"]
[connection signal="pressed" from="CanvasLayer/FastButton" to="CanvasLayer/FastButton" method="_on_pressed"]
[connection signal="pressed" from="CanvasLayer/ErradicButton" to="CanvasLayer/ErradicButton" method="_on_pressed"]
